
@online{vtk-examples,
  title   = {VTK Classes used in the Examples},
  year    = {2021},
  url     = {https://kitware.github.io/vtk-examples/site/Python/Coverage/PythonVTKClassesUsed/},
  urldate = {2021-06-09}
}
